@article{chang1984application,
  title={Application of state estimation to target tracking},
  author={Chang, Chawbing and Tabaczynski, John},
  journal={IEEE Transactions on automatic control},
  volume={29},
  number={2},
  pages={98--109},
  year={1984},
  publisher={IEEE}
}

@book{murphy2012machine,
  title={Machine learning: a probabilistic perspective},
  author={Murphy, Kevin P},
  year={2012},
  publisher={MIT press}
}

@article{perera2012maritime,
  title={Maritime traffic monitoring based on vessel detection, tracking, state estimation, and trajectory prediction},
  author={Perera, Lokukaluge P and Oliveira, Paulo and Soares, C Guedes},
  journal={IEEE Transactions on Intelligent Transportation Systems},
  volume={13},
  number={3},
  pages={1188--1200},
  year={2012},
  publisher={IEEE}
}

@article{denzler2002information,
  title={Information theoretic sensor data selection for active object recognition and state estimation},
  author={Denzler, Joachim and Brown, Christopher M},
  journal={IEEE Transactions on pattern analysis and machine intelligence},
  volume={24},
  number={2},
  pages={145--157},
  year={2002},
  publisher={IEEE}
}

@article{zhang2015survey,
  title={Survey on recent advances in networked control systems},
  author={Zhang, Xianming and Han, Qinglong and Yu, Xinghuo},
  journal={IEEE Transactions on industrial informatics},
  volume={12},
  number={5},
  pages={1740--1752},
  year={2015},
  publisher={IEEE}
}

@article{zhang2024direct,
  title={Direct target localization with low-bit quantization in wireless sensor networks},
  author={Zhang, Guoxin and Yi, Wei and Matthaiou, Michail and Varshney, Pramod K},
  journal={IEEE Transactions on Signal Processing},
  year={2024},
  publisher={IEEE}
}

@article{huang2024recursive,
  title={Recursive State Estimation for Discrete-Time Nonlinear Systems With Binary Sensors: A Locally Minimized Variance Approach},
  author={Huang, Yi-Bo and Wang, Zidong and He, Yong and Wu, Min},
  journal={IEEE Transactions on Automatic Control},
  year={2024},
  publisher={IEEE}
}

@article{hu2012extended,
  title={Extended Kalman filtering with stochastic nonlinearities and multiple missing measurements},
  author={Hu, Jun and Wang, Zidong and Gao, Huijun and Stergioulas, Lampros K},
  journal={Automatica},
  volume={48},
  number={9},
  pages={2007--2015},
  year={2012},
  publisher={Elsevier}
}

@article{zhang2024quantization,
  title={Quantization-based adaptive fuzzy consensus for multiagent systems under sensor deception attacks: A novel compensation mechanism},
  author={Zhang, Na and Chen, Guoliang and Xia, Jianwei and Park, Ju H and Xie, Xiangpeng},
  journal={IEEE Transactions on Cybernetics},
  year={2024},
  publisher={IEEE}
}

@article{wang2024distributed,
  title={Distributed Multi-Kernel Maximum Correntropy State-Constrained Kalman Filter Under Deception Attacks},
  author={Wang, Guoqing and Zhu, Zhaolei and Yang, Chunyu and Ma, Lei and Dai, Wei and Chen, Xinkai},
  journal={IEEE Transactions on Network Science and Engineering},
  year={2024},
  publisher={IEEE}
}

@article{lopes2011particle,
  title={Particle filters and Bayesian inference in financial econometrics},
  author={Lopes, Hedibert F and Tsay, Ruey S},
  journal={Journal of Forecasting},
  volume={30},
  number={1},
  pages={168--209},
  year={2011},
  publisher={Wiley Online Library}
}

@article{chen2019distributed,
  title={Distributed Kalman filtering for time-varying discrete sequential systems},
  author={Chen, Bo and Hu, Guoqiang and Ho, Daniel WC and Yu, Li},
  journal={Automatica},
  volume={99},
  pages={228--236},
  year={2019},
  publisher={Elsevier}
}

@article{rigatos2011derivative,
  title={A derivative-free Kalman filtering approach to state estimation-based control of nonlinear systems},
  author={Rigatos, Gerasimos G},
  journal={IEEE transactions on industrial electronics},
  volume={59},
  number={10},
  pages={3987--3997},
  year={2011},
  publisher={IEEE}
}

@article{shi2014set,
  title={On set-valued Kalman filtering and its application to event-based state estimation},
  author={Shi, Dawei and Chen, Tongwen and Shi, Ling},
  journal={IEEE Transactions on Automatic Control},
  volume={60},
  number={5},
  pages={1275--1290},
  year={2014},
  publisher={IEEE}
}

@article{ljung1979asymptotic,
  title={Asymptotic behavior of the extended Kalman filter as a parameter estimator for linear systems},
  author={Ljung, Lennart},
  journal={IEEE Transactions on Automatic Control},
  volume={24},
  number={1},
  pages={36--50},
  year={1979},
  publisher={IEEE}
}

@article{van2011localized,
  title={Localized extended Kalman filter for scalable real-time traffic state estimation},
  author={Van Hinsbergen, Chris PIJ and Schreiter, Thomas and Zuurbier, Frank S and Van Lint, JWC and Van Zuylen, Henk J},
  journal={IEEE transactions on intelligent transportation systems},
  volume={13},
  number={1},
  pages={385--394},
  year={2011},
  publisher={IEEE}
}

@article{sarkka2007unscented,
  title={On unscented Kalman filtering for state estimation of continuous-time nonlinear systems},
  author={Sarkka, Simo},
  journal={IEEE Transactions on automatic control},
  volume={52},
  number={9},
  pages={1631--1641},
  year={2007},
  publisher={IEEE}
}

@article{zhao2017robust,
  title={Robust unscented Kalman filter for power system dynamic state estimation with unknown noise statistics},
  author={Zhao, Junbo and Mili, Lamine},
  journal={IEEE Transactions on Smart Grid},
  volume={10},
  number={2},
  pages={1215--1224},
  year={2017},
  publisher={IEEE}
}

@article{gustafsson2002particle,
  title={Particle filters for positioning, navigation, and tracking},
  author={Gustafsson, Fredrik and Gunnarsson, Fredrik and Bergman, Niclas and Forssell, Urban and Jansson, Jonas and Karlsson, Rickard and Nordlund, P-J},
  journal={IEEE Transactions on signal processing},
  volume={50},
  number={2},
  pages={425--437},
  year={2002},
  publisher={IEEE}
}

@article{doucet2001particle,
  title={Particle filters for state estimation of jump Markov linear systems},
  author={Doucet, Arnaud and Gordon, Neil J and Krishnamurthy, Vikram},
  journal={IEEE Transactions on signal processing},
  volume={49},
  number={3},
  pages={613--624},
  year={2001},
  publisher={IEEE}
}

@article{rigatos2009particle,
  title={Particle filtering for state estimation in nonlinear industrial systems},
  author={Rigatos, Gerasimos G},
  journal={IEEE Transactions on Instrumentation and Measurement},
  volume={58},
  number={11},
  pages={3885--3900},
  year={2009},
  publisher={IEEE}
}

@article{shannon1948mathematical,
  title={A mathematical theory of communication},
  author={Shannon, Claude Elwood},
  journal={The Bell system technical journal},
  volume={27},
  number={3},
  pages={379--423},
  year={1948},
  publisher={Nokia Bell Labs}
}

@article{blei2017variational,
  title={Variational inference: A review for statisticians},
  author={Blei, David M and Kucukelbir, Alp and McAuliffe, Jon D},
  journal={Journal of the American statistical Association},
  volume={112},
  number={518},
  pages={859--877},
  year={2017},
  publisher={Taylor \& Francis}
}

@article{schenato2008optimal,
  title={Optimal estimation in networked control systems subject to random delay and packet drop},
  author={Schenato, Luca},
  journal={IEEE transactions on automatic control},
  volume={53},
  number={5},
  pages={1311--1317},
  year={2008},
  publisher={IEEE}
}

@article{wang2024state,
  title={State Estimation for Measurement-Saturated Memristive Neural Networks with Missing Measurements and Mixed Time Delays Subject to Cyber-Attacks: A Non-Fragile Set-Membership Filtering Framework.},
  author={Wang, Ziyang and Wang, Peidong and Wang, Jiasheng and Lou, Peng and Li, Juan},
  journal={Applied Sciences (2076-3417)},
  volume={14},
  number={19},
  year={2024}
}

@article{sun2008optimal,
  title={Optimal linear estimation for systems with multiple packet dropouts},
  author={Sun, Shuli and Xie, Lihua and Xiao, Wendong and Soh, Yeng Chai},
  journal={Automatica},
  volume={44},
  number={5},
  pages={1333--1342},
  year={2008},
  publisher={Elsevier}
}

@article{shi2010kalman,
  title={Kalman filtering over a packet-dropping network: A probabilistic perspective},
  author={Shi, Ling and Epstein, Michael and Murray, Richard M},
  journal={IEEE Transactions on Automatic Control},
  volume={55},
  number={3},
  pages={594--604},
  year={2010},
  publisher={IEEE}
}

@article{ganguly2021introduction,
  title={An introduction to variational inference},
  author={Ganguly, Ankush and Earp, Samuel WF},
  journal={arXiv preprint arXiv:2108.13083},
  year={2021}
}

@article{schon2005marginalized,
  title={Marginalized particle filters for mixed linear/nonlinear state-space models},
  author={Schon, Thomas and Gustafsson, Fredrik and Nordlund, P-J},
  journal={IEEE Transactions on signal processing},
  volume={53},
  number={7},
  pages={2279--2289},
  year={2005},
  publisher={IEEE}
}

@article{zhu2021adaptive,
  title={An adaptive Kalman filter with inaccurate noise covariances in the presence of outliers},
  author={Zhu, Hao and Zhang, Guorui and Li, Yongfu and Leung, Henry},
  journal={IEEE Transactions on Automatic Control},
  volume={67},
  number={1},
  pages={374--381},
  year={2021},
  publisher={IEEE}
}

@article{zheng2021novel,
  title={A novel noise reduction method of UAV magnetic survey data based on CEEMDAN, permutation entropy, correlation coefficient and wavelet threshold denoising},
  author={Zheng, Yaoxin and Li, Shiyan and Xing, Kang and Zhang, Xiaojuan},
  journal={Entropy},
  volume={23},
  number={10},
  pages={1309},
  year={2021},
  publisher={MDPI}
}

@article{zhou2020empirical,
  author={Zhou, Yang and Ling, Bingo Wing-Kuen and Mo, Xiaozhu and Guo, Yitong and Tian, Zikang},
  journal={IEEE Transactions on Instrumentation and Measurement}, 
  title={Empirical Mode Decomposition-Based Hierarchical Multiresolution Analysis for Suppressing Noise}, 
  year={2020},
  volume={69},
  number={4},
  pages={1833-1845},
  keywords={Discrete cosine transforms;Time-domain analysis;Multiresolution analysis;Market research;Indexes;Noise reduction;Discrete Fourier transforms;Detrended fluctuation analysis (DFA);empirical mode decomposition (EMD);hierarchical multiresolution analysis;intrinsic mode functions (IMFs);suppressing noise},
  doi={10.1109/TIM.2019.2914734}
}

@article{moon2021discrete,
  author={Moon, J.},
  journal={IEEE Transactions on Magnetics}, 
  title={Discrete-time modeling of transition noise dominant channels and study of detection performance}, 
  year={1991},
  volume={27},
  number={6},
  pages={4573-4578},
  keywords={Magnetic noise;Additive noise;Maximum likelihood detection;Magnetic recording;Matched filters;Multi-stage noise shaping;Performance analysis;Signal to noise ratio;Detectors;Signal processing},
  doi={10.1109/20.278683}
}

@article{zhu2021novel,
  title={A novel robust Kalman filter with unknown non-stationary heavy-tailed noise},
  author={Zhu, Hao and Zhang, Guorui and Li, Yongfu and Leung, Henry},
  journal={Automatica},
  volume={127},
  pages={109511},
  year={2021},
  publisher={Elsevier}
}

@article{agamennoni2012approximate,
  author={Agamennoni, Gabriel and Nieto, Juan I. and Nebot, Eduardo M.},
  journal={IEEE Transactions on Signal Processing}, 
  title={Approximate Inference in State-Space Models With Heavy-Tailed Noise}, 
  year={2012},
  volume={60},
  number={10},
  pages={5024-5037},
  keywords={Noise;Robustness;State-space methods;Signal processing algorithms;Approximation methods;Estimation;Kalman filters;Bayesian outlier detection;heavy-tailed noise;inverse Wishart distribution;robust estimation;robust Kalman filter;state-space models;student's  $t$ distribution;sub-exponential noise},
  doi={10.1109/TSP.2012.2208106}
}

@article{bai2021novel,
  author={Bai, Mingming and Huang, Yulong and Zhang, Yonggang and Chen, Feng},
  journal={IEEE Transactions on Industrial Informatics}, 
  title={A Novel Heavy-Tailed Mixture Distribution Based Robust Kalman Filter for Cooperative Localization}, 
  year={2021},
  volume={17},
  number={5},
  pages={3671-3681},
  keywords={Noise measurement;Probability density function;Robustness;Kalman filters;Acoustic measurements;Acoustics;Stochastic processes;Autonomous underwater vehicles (AUVs);cooperative localization;heavy-tailed and nonstationary noises;Kalman filter (KF);variational Bayesian (VB)},
  doi={10.1109/TII.2020.3015001}
}

@article{zhang2018advances,
  title={Advances in variational inference},
  author={Zhang, Cheng and B{\"u}tepage, Judith and Kjellstr{\"o}m, Hedvig and Mandt, Stephan},
  journal={IEEE transactions on pattern analysis and machine intelligence},
  volume={41},
  number={8},
  pages={2008--2026},
  year={2018},
  publisher={IEEE}
}

@article{doucet2009tutorial,
  title={A tutorial on particle filtering and smoothing: Fifteen years later},
  author={Doucet, Arnaud and Johansen, Adam M and others},
  journal={Handbook of nonlinear filtering},
  volume={12},
  number={656-704},
  pages={3},
  year={2009}
}

@article{chen2003bayesian,
  title={Bayesian filtering: From Kalman filters to particle filters, and beyond},
  author={Chen, Zhe and others},
  journal={Statistics},
  volume={182},
  number={1},
  pages={1--69},
  year={2003}
}

@article{smidl2008variational,
  title={Variational bayesian filtering},
  author={Smidl, V{\'A}clav and Quinn, Anthony},
  journal={IEEE Transactions on Signal Processing},
  volume={56},
  number={10},
  pages={5020--5030},
  year={2008},
  publisher={IEEE}
}

@article{zhu2021vb,
  title={VB-Kalman based localization for connected vehicles with delayed and lost measurements: Theory and experiments},
  author={Zhu, Hao and Mi, Ji and Li, Yongfu and Yuen, Ka-Veng and Leung, Henry},
  journal={IEEE/ASME Transactions on Mechatronics},
  volume={27},
  number={3},
  pages={1370--1378},
  year={2021},
  publisher={IEEE}
}

@article{ma2018multiple,
  title={Multiple-model state estimation based on variational Bayesian inference},
  author={Ma, Yanjun and Zhao, Shunyi and Huang, Biao},
  journal={IEEE Transactions on Automatic Control},
  volume={64},
  number={4},
  pages={1679--1685},
  year={2018},
  publisher={IEEE}
}

@article{wang2019variational,
  title={Variational Bayesian IMM-filter for JMSs with unknown noise covariances},
  author={Wang, Guoqing and Wang, Xiaodong and Zhang, Yonggang},
  journal={IEEE Transactions on Aerospace and Electronic Systems},
  volume={56},
  number={2},
  pages={1652--1661},
  year={2019},
  publisher={IEEE}
}

@article{cheng2024survey,
  author={Cheng, Gang and Lin, Yuzhang and Abur, Ali and Gómez-Expósito, Antonio and Wu, Wenchuan},
  journal={IEEE Transactions on Smart Grid}, 
  title={A Survey of Power System State Estimation Using Multiple Data Sources: PMUs, SCADA, AMI, and Beyond}, 
  year={2024},
  volume={15},
  number={1},
  pages={1129-1151},
  keywords={Current measurement;Phasor measurement units;Voltage measurement;Soft sensors;Power measurement;Power systems;Surveys;State estimation;power system measurement;multiple data sources;situational awareness;phasor measurement unit;advanced metering infrastructure},
  doi={10.1109/TSG.2023.3286401}
}

@article{hashim2023uwb,
  title={UWB ranging and IMU data fusion: Overview and nonlinear stochastic filter for inertial navigation},
  author={Hashim, Hashim A and Eltoukhy, Abdelrahman EE and Vamvoudakis, Kyriakos G},
  journal={IEEE Transactions on Intelligent Transportation Systems},
  volume={25},
  number={1},
  pages={359--369},
  year={2023},
  publisher={IEEE}
}

@article{chen2011kalman,
  title={Kalman filter for robot vision: a survey},
  author={Chen, Shen-Yong},
  journal={IEEE Transactions on industrial electronics},
  volume={59},
  number={11},
  pages={4409--4420},
  year={2011},
  publisher={IEEE}
}

@article{meng2017overview,
  title={An overview and comparison of online implementable SOC estimation methods for lithium-ion battery},
  author={Meng, Jinhao and Ricco, Mattia and Luo, Guangzhao and Swierczynski, Maciej and Stroe, Daniel-Ioan and Stroe, Ana-Irina and Teodorescu, Remus},
  journal={IEEE Transactions on Industry Applications},
  volume={54},
  number={2},
  pages={1583--1591},
  year={2017},
  publisher={IEEE}
}